2864 3680
1325 138 1406 186 ¹11>

143 274 236 330 ud
267 276 417 328 etiam
445 274 628 328 victum
647 272 877 342 ‚aliquem
900 273 1018 329 esse
1044 269 1277 323 denotat.·
1334 267 1519 325 Eodem
1548 285 1752 339 prorsus
1775 267 1928 320 modo
1947 270 2151 323 verbum
2166 271 2330 326 νιιιᾶν
2354 275 2405 327 in
2431 281 2582 347 pne.

142 368 268 420 senti
300 368 452 419 habet
480 367 580 419 vim
607 366 837 433 perfecti,
878 383 976 432 qua
1003 363 1065 415 de
1094 382 1147 414 re
1182 361 1377 413 monuit
1400 359 1636 438 Kruegqr.
1661 358 1965 429 adXenoph.
1985 362 2142 413 Anah.
2173 383 2223 433 p.
2247 375 2330 419 83.
2363 369 2428 419 cf.
2450 369 2581 422 le„

142 460 355 510 Demetr.
376 478 418 508 c.
450 467 530 512 17.
551 457 636 504 fin.
661 456 752 505 ubi
778 455 845 518 is,
884 455 971 523 qui
1005 454 1235 505 victoriae
1265 453 1498 503 nuncium
1522 453 1662 503 affert
1674 488 1692 512 ,
1726 457 1912 519 χαῖρε,
1957 454 2142 519 inquit,
2191 456 2424 515 βασιλεῦ
2448 460 2581 514 'Ay-

139 566 324 612 τιγονε,
342 546 571 608 νικῶμεν
589 545 929 608 Πτολεμαῖον
948 542 1240 608 ναυμαχίᾳ.
1309 545 1412 593 Nec
1441 544 1595 594 mirus
1624 541 1708 592 hic
1741 561 1859 592 usus
1889 542 2135 594 videbitur
2160 544 2230 607 ei,
2260 546 2347 612 qui
2373 565 2579 617 repum-

142 638 288 700 verit,
326 654 378 687 re
396 654 507 689 vera
527 635 794 704 praesentis
817 635 1074 685 notionem
1094 634 1252 683 inesse
1265 669 1279 698 ‚
1315 652 1424 682 nam
1442 630 1736 696 ἡττώμενος
1756 633 1885 682 nihil
1907 649 1980 683 est
2001 633 2136 682 aliud
2159 653 2306 701 quam
2325 638 2490 700 ἥττων
2510 642 2580 694 ὄν

141 747 297 788 τινος.
334 727 398 777 cf.
419 724 648 795 Thucyd.
669 724 778 775 VII.
802 735 885 779 34.
915 727 972 775 οἱ
995 751 1069 764 -
1086 722 1382 786 Ἀθηναῖοι
1401 722 1657 788 ἐνόμιζον
1690 723 1958 783 ἡσσᾶσθαι
1972 760 1986 787 ,
2023 721 2110 772 ὅτε
2128 724 2202 774 οὐ
2218 727 2354 776 πολύ
2376 731 2579 783 ἐνίκων.

142 819 275 868 Plut.
296 818 553 886 Apophth.
573 838 622 884 p.
649 827 762 871 199.
775 816 828 865 C.
850 815 1111 873 νικῶντας
1133 813 1235 878 μὲν
1253 815 1359 880 γάρ
1380 810 1664 864 ἀποδώσειν
1695 811 1765 861 οὐ
1788 813 1909 879 παρ’
1930 814 2125 878 αὐτῶν,
2153 813 2298 865 ἄλλα)
2314 818 2462 885 παρά
2479 823 2581 874 τῶν

142 909 421 974 πολεμίων·
472 904 778 972 ἡττωμένων
808 904 868 956 δὲ
898 903 1032 972 μήτε
1062 899 1185 962 τούς
1212 900 1602 967 ἅπῃτουμὲνους
1628 900 1761 965 μήτε
1797 899 1922 962 τοὺς
1950 903 2312 966 α’παιῆύντας
2345 905 2578 976 ἔσεσθαι,

143 1019 291 1065 quam
319 998 529 1050 eandem
558 1016 662 1047 rem
692 1016 891 1048 narrans
917 997 970 1046 in
1006 996 1109 1045 Cat.
1144 998 1253 1059 maj.
1282 1012 1323 1043 c.
1347 1004 1389 1046 5.
1418 994 1576 1044 utitur
1611 994 1829 1060 perfecto
1867 992 2177 1057 ἡττημένων.
2270 996 2432 1050 Huius
2462 1018 2578 1052 usus

143 1090 283 1158 quod
316 1092 626 1142 immemores
661 1104 821 1139 essent
854 1089 1142 1155 interpretes
1175 1086 1356 1135 multos
1382 1087 1518 1135 locos
1553 1083 1675 1134 citra
1708 1084 2043 1134 necessitatem
2079 1100 2342 1139 tentarunt.
2423 1091 2496 1142 Ita
2530 1092 2581 1143 in

140 1179 269 1232 Plut.
301 1181 473 1249 Comp.
503 1180 615 1233 Nic.
647 1197 690 1231 c.
719 1179 874 1232 CrasS.
899 1196 940 1230 c.
963 1185 1012 1233 4.
1044 1176 1162 1228 inde
1192 1178 1251 1227 ab
1278 1176 1470 1227 Reiskio
1503 1174 1694 1227 editum
1727 1190 1800 1224 est
1821 1177 2080 1244 Καίσαρα
2102 1203 2173 1214 -
2196 1183 2580 1242 συνεβούλευεν

143 1269 172 1319 ὁ
191 1270 385 1320 Κάτων
399 1267 659 1322 ἐκδοῦναι
678 1273 785 1327 τοῖς
810 1263 1132 1330 ἡττημένοιςε
1166 1283 1348 1333 repone
1364 1263 1685 1329 ἡττωμένοις.
1756 1264 1962 1317 Diodor.
1983 1267 2094 1318 XV.
2121 1285 2162 1319 c.
2189 1278 2270 1325 80.
2292 1269 2359 1320 in.
2385 1275 2499 1339 περὶ
2523 1273 2581 1326 δὲ

141 1360 265 1419 τούς
292 1361 496 1419 αὐτούς
525 1358 752 1425 καιρούς
776 1356 1030 1407 Θετταλοὶ
1050 1357 1177 1422 πρὸς
1196 1350 1548 1419 Ἀλέξανδρον
1570 1348 1666 1402 τὸν
1689 1353 1869 1418 Φερῶν
1895 1353 2160 1419 τύραννον
2183 1355 2582 1422 διαπολεμοῦν-

140 1464 222 1509 τες
240 1455 339 1501 καὶ
360 1452 558 1502 πλείοσι
583 1449 787 1514 μάχαις
806 1446 1107 1511 ἡττώμενοι,
1138 1448 1360 1502 πολλοὺς
1383 1442 1441 1493 δὲ
1459 1443 1562 1491 τῶν
1579 1444 1900 1509 στρατιωτῶν
1921 1444 2319 1506 οἷπολελοκότες,
2337 1445 2580 1514 πρέσβεις

141 1540 482 1601 ἀπέστειλαν,
516 1539 604 1589 ubi
633 1554 735 1588 non
769 1555 894 1606 opus
924 1551 1047 1605 puto
1082 1535 1221 1603 quod
1254 1536 1418 1585 maluit
1446 1532 1739 1584 Dindorfius
1773 1534 2081 1600 ἡττημένοι,
2119 1555 2210 1586 nec
2237 1539 2388 1604 magis
2418 1542 2578 1606 probo

143 1631 281 1699 quod
301 1630 524 1682 eiusdem
542 1628 657 1679 libri
675 1649 717 1678 c.
742 1641 826 1683 81.
842 1647 905 1678 ‘ex
928 1626 1178 1678 Sebaeferi
1201 1627 1496 1677 correctione
1518 1624 1711 1691 scripsit
1730 1628 1855 1693 πρὸς
1873 1623 2111 1688 ἅπαντας
2127 1626 2340 1696 ἔφασαν
2358 1630 2579 1691 ἑαυτούς

141 1726 405 1789 ἡττῆσθαι
440 1741 530 1792 pro
559 1721 688 1788 vulg.
717 1718 999 1788 ἡττᾶσθαι.
1064 1719 1248 1770 Contra
1276 1717 1428 1769 XVII.
1460 1723 1543 1773 34.
1574 1717 1658 1766 fin·
1691 1712 2084 1782 προηττημένων
2116 1720 2220 1788 γάρ
2250 1720 2354 1772 τῶν
2384 1718 2578 1772 ἱππέων

140 1816 303 1866 οἱονεί
329 1835 407 1877 τις
432 1815 675 1880 προαγὼν
707 1809 934 1874 ἐγεγόνει
966 1811 1057 1874 τῆς
1088 1808 1211 1873 ὅλης
1239 1810 1381 1871 νίκης
1412 1822 1614 1877 propter
1633 1808 2016 1875 plusquamperf.
2041 1810 2269 1876 ἐγεγόνει
2290 1829 2391 1862 non
2412 1812 2578 1880 potuit

141 1907 240 1956 dici
270 1901 691 1973 προηττωμὲνων.

280 2005 422 2056 c.„56
456 1991 586 2043 med.
631 1991 731 2042 διιῖ
757 1991 850 2052 τῆς
876 1993 974 2043 τῶν
1004 1991 1293 2043 νεανίσκων
1325 1989 1530 2050 εὐνοίας
1562 2008 1617 2042 τε
1642 1994 1741 2042 καὶ
1768 1990 2142 2052 κακοπαθειας
2157 1995 2480 2058 κατήντησεν
2512 1997 2581 2054 εἰς

140 2091 238 2153 τήν
259 2084 462 2137 Ἀσίαν.
534 2083 773 2132 Narratur
798 2083 1156 2132 Themistocles
1189 2081 1377 2131 adiutus
1407 2080 1623 2130 duorum
1650 2081 1884 2130 iuvenum
1917 2082 2108 2131 assidua
2138 2102 2287 2151 opera
2316 2085 2380 2134 ad
2400 2079 2580 2135 Persas-

138 2196 250 2225 rum
280 2192 443 2241 regem
473 2174 565 2223 iter
598 2173 784 2222 fecisse.
867 2173 1062 2231 Quibus
1097 2173 1150 2221 in
1181 2174 1339 2222 verbis
1368 2171 1506 2239 quod
1529 2170 1818 2221 Dindorfius
1851 2172 2225 2234 κακοπαθειας
2253 2190 2497 2226 mutatum
2529 2177 2581 2226 iu

145 2267 490 2335 συμπάθειας
540 2266 698 2332 aptius
740 2266 967 2332 putabat,
1018 2266 1070 2315 in
1114 2284 1173 2316 eo
1219 2284 1310 2331 ego
1350 2284 1445 2314 non
1475 2263 1749 2336 adsentior,
1804 2282 1917 2311 cum
1953 2282 2143 2315 κακοπ.
2176 2266 2582 2333 percommodam

138 2358 365 2410 admittat
396 2358 784 2425 explicationem.
869 2356 1120 2411 Nimirum
1149 2358 1346 2408 iuvenes
1372 2357 1451 2406 isti
1483 2357 1644 2405 nullas
1674 2354 2004 2404 detrectarunt
2026 2358 2274 2406 molestias
2297 2377 2457 2427 neque
2476 2359 2577 2408 du-

142 2451 362 2500 bitarunt
388 2466 588 2509 omnem
622 2464 869 2514 quemque
903 2464 994 2513 pro
1029 2465 1089 2497 eo
1121 2448 1365 2515 suscipere
1397 2447 1627 2497 lahorem.
1712 2446 1940 2495 Ceterum
1963 2447 2101 2513 quod
2127 2466 2216 2517 ego
2242 2451 2387 2500 scribi
2409 2452 2576 2499 malim

139 2541 231 2591 aaa*
256 2543 376 2599 -τάς
408 2559 455 2587 τ.
482 2558 530 2588 ν.
562 2536 776 2595 εὐνοίας
801 2555 854 2586 τε
883 2541 982 2587 καὶ
1012 2538 1381 2596 κακοπαθειας
1404 2555 1507 2587 non
1526 2537 1781 2587 mirabitur
1798 2535 2010 2586 Diodori
2029 2539 2271 2606 loquendi
2294 2541 2457 2607 generi
2479 2540 2577 2589 ad-

143 2645 308 2681 suetus
323 2667 336 2693 ,
374 2629 462 2695 qui
491 2627 744 2695 permultis
775 2628 928 2676 utitur
949 2627 1197 2679 vocabulis
1222 2628 1272 2676 in
1295 2629 1469 2696 plurali
1489 2647 1720 2693 numero,
1751 2645 1965 2696 quorum
1985 2630 2239 2697 singularis
2260 2645 2448 2680 tantum
2467 2631 2576 2681 aliis

140 2721 190 2773 in
216 2742 310 2773 usu
331 2736 404 2772 est
424 2718 766 2787 scriptoribus:
802 2718 887 2771 hic
923 2718 1126 2787 quidem
1162 2737 1262 2788 quo
1295 2739 1459 2772 sensus
1491 2719 1771 2773 discrimine
1793 2735 2057 2789 utrumque
2080 2721 2267 2774 dicatur
2286 2738 2464 2793 sponte
2482 2741 2578 2794 1²²³

144 2829 229 2864 tet«
303 2812 468 2880 Atque
497 2811 596 2861 hoc
626 2811 792 2877 ipsum
814 2810 873 2861 in
904 2831 1051 2862 causa
1081 2810 1274 2863 videtur
1304 2814 1476 2882 fuisse,
1513 2815 1578 2864 ob
1607 2832 1756 2881 quam
1784 2814 1854 2864 vir
1885 2813 2192 2863 doctissimus
2225 2816 2278 2865 in
2306 2815 2385 2865 his
2417 2817 2577 2867 verbis

143 2902 377 2968 offendit3
426 2903 612 2953 εὔνοια
639 2903 697 2952 in
724 2904 948 2970 plurali„
968 2918 1025 2953 ut
1048 2902 1250 2969 <luobus
1281 2903 1397 2953 locis
1432 2904 1697 2973 defungar,
1734 2903 1855 2953 dixit
1885 2904 1972 2953 XI.
1993 2913 2072 2957 41.
2101 2905 2238 2956 XIII.
2262 2917 2347 2961 93.
2406 2906 2577 2957 Altero

143 3014 252 3047 voc«
278 2995 332 3045 in
363 2993 542 3063 plurali
572 2994 725 3042 utitur
750 2994 990 3048 XIII-52.
1060 2996 1290 3047 Ceterum
1320 3011 1374 3045 ut
1404 2995 1503 3046 hoc
1532 3014 1733 3064 quoque
1766 3011 1875 3044 utar
1901 3011 2068 3044 contra
2094 2996 2435 3061 Dindorfium,
2472 2990 2580 3051 voc.

154 3083 498 3137 κακοπάθεια
528 3084 677 3144 etiam
706 3085 827 3136 alibi
846 3082 1102 3138 Diodorus
1135 3087 1198 3139 de
1228 3088 1475 3139 laboribus
1505 3102 1553 3137 et
1585 3088 1848 3152 molestiis,
1884 3105 2008 3155 quae
2031 3088 2123 3139 iter
2145 3078 2583 3141 facientibus-sub—

1940 3189 1969 3231 2
1985 3182 2013 3208 Q
