2864 3680
1024 176 1432 225 ......-....-.17

182 307 280 381 pla
283 318 340 363 'ex
357 308 467 376 ipso
482 303 717 360 Diodoro
728 303 832 373 peti
848 302 965 354 licet
985 303 1108 357 duo·-
1154 287 1300 372 supra
1321 303 1455 354 xm.
1476 314 1555 358 36
1581 307 1665 355 fin.¹
1686 305 1878 372 egregie
1904 317 2059 374 nupen
2082 305 2284 362 demum
2303 325 2330 354 a
2349 305 2624 370 Diffdoffiq

179 418 280 469 pro
291 400 423 464 vulg.
442 394 710 450 Βοιωτίαν
726 408 1014 447 eorrectum²
1022 409 1094 444 est
1112 393 1409 456 βοηθείαν,
1443 410 1491 443 et
1515 394 1657 448 XIV..
1666 405 1760 447 12.
1796 393 2062 446 admodum
2089 396 2345 462 probabile
2377 410 2450 449 est
2476 396 2620 473 quod

182 488 411 541 Beiskius
432 503 524 555 pro
540 485 813 543 Βοιωτούς
835 484 1045 535 restituit
1061 482 1321 547 βοηθούς.
1377 485 1606 539 Ceterum
1626 485 1707 534 vix
1725 500 1797 535 est
1818 484 1956 553 quod
1975 502 2201 537 moneam
2223 500 2356 536 recte
2376 485 2545 540 omnia
2562 503 2614 540 se

181 579 411 631 habitura
432 575 619 629 verbis
606 589 673 625 ita
689 573 949 626 ordinatis:
983 575 1212 633 πολλοὺς
1229 570 1289 625 δὲ
1311 574 1581 636 κατέβαλε
1599 572 1697 626 τῶν
1715 575 1974 627 Βοιωτῶν.

190 738 192 741 γ
317 665 478 720 XVII.
506 672 552 722 4.
612 666 736 725 τούς
765 664 1142 732 συνορίζοντας
1164 662 1266 716 τῶν
1296 665 1481 717 ε’θνῶν.
1507 695 1578 708 -
1628 664 1885 717 Dindorfi:
1934 668 2087 718 immo
2120 670 2189 718 τά
2223 642 2613 736 συνορίζοντα.“

176 762 334 813 Miror
389 758 552 810 virum
604 756 944 811 doctissimum
993 757 1332 810 immemorem
1390 758 1536 808 fuisse
1586 759 1693 809 eius
1735 758 2040 810 Graecorum
2065 759 2235 811 -moris
2245 766 2287 820 ,·'
2323 775 2421 825 quo
2466 759 2613 819 verba

178 869 286 903 non
318 849 381 902 ad
417 848 499 910 id,
534 846 673 917 quod
704 846 925 897 oratione
957 860 1031 895 est
1062 865 1370 916 expressum,
1409 847 1496 899 sed
1535 848 1597 898 ad
1629 867 1759 914 eam,
1796 868 1942 918 quam
1975 851 2140 901 animo
2169 851 2481 911 informatam
2514 849 2613 907 ha·-⁵

177 942 297 992 bent
326 940 606 1002 notionem,
642 939 802 990 solent
832 940 1026 991 referre.
1099 939 1210 999 Qua
1238 939 1299 991 de
1330 958 1382 991 re
1412 958 1523 992 cum
1554 960 1579 991 a
1606 941 1832 1008 plurimis
1853 943 1915 991 sit
1932 944 2210 1011 expositum
2231 942 2436 1022 sufficiat
2457 959 2613 995 unum

176 1029 400 1084 laudasse
430 1028 747 1082 Schaeferum
766 1047 840 1096 ap.
861 1028 1137 1081 Porsonum
1160 1028 1223 1081 ad
1242 1030 1412 1098 Eurip.
1433 1030 1616 1085 Phoen.
1637 1050 1679 1085 v.
1693 1039 1757 1088 17
1762 1042 1844 1088 30
1917 1032 2056 1094 Quae
2075 1033 2199 1085 ratio
2220 1050 2333 1084 cum
2356 1045 2516 1123 pateat
2535 1032 2613 1080 la—

176 1112 387 1184 tissime,
431 1121 634 1171 minime
671 1118 934 1170 tentandus
965 1135 1066 1170 erat
1097 1120 1236 1170 locus
1265 1120 1376 1170 libr.
1401 1120 1537 1172 XIX.
1559 1128 1643 1178 44.
1681 1120 1897 1183 πλησιον
1929 1120 2313 1184 Ἐκβατάνων,
2362 1124 2421 1172 ἐν
2454 1099 2490 1189 ᾖ
2528 1120 2615 1180 τῆς

166 1211 348 1278 χώρας
378 1212 578 1274 ἐκείνης
605 1212 716 1260 ἐστὶ
738 1212 806 1260 τά
828 1212 1101 1271 βασίλεια,
1138 1212 1261 1261 ubi
1248 1226 1424 1261 iterum
1443 1214 1630 1263 fallitur
1648 1209 1938 1272 Dindorfius
1959 1229 2221 1265 annotans.
2258 1213 2412 1262 immo
2440 1214 2498 1262 ἐν
2532 1204 2613 1266 οἷς

176 1303 252 1349 vel
272 1300 465 1346 ὲ’νθα.“
525 1301 622 1340 Res
642 1303 744 1358 ἔχις»
768 1302 984 1352 intelligi
994 1302 1132 1350 iubet
1150 1300 1310 1351 πόλει.
1364 1303 1581 1353 Pertinet
1603 1303 1705 1353 huc
1726 1303 1873 1352 etiam
1890 1304 2005 1353 XX.
2026 1312 2109 1357 75.
2133 1318 2247 1353 extr.
2268 1306 2362 1361 τάς
2379 1301 2613 1366 μάλιστα

175 1381 612 1452 ταχυναυτούσας
640 1382 741 1431 τῶν
766 1374 1215 1442 ἠκολουθηκότων
1244 1375 1660 1440 ἐξαποστέλλειν,
1696 1379 1783 1428 uhi
1809 1379 2097 1447 Dindorfius
2123 1401 2238 1433 cum
2261 1389 2454 1458 Schaef.
2483 1390 2613 1434 scri-

174 1478 273 1546 psit
305 1470 771 1536 ἠκολουθηκυιῶν,
806 1467 944 1522 haud
975 1467 1079 1519 scio
1108 1485 1170 1518 an
1202 1481 1393 1536 praeter
1424 1469 1796 1534 necessitatem,
1825 1472 1977 1525 modo
2012 1488 2276 1538 statuatur,
2322 1478 2611 1546 scriptorem

172 1569 324 1639 positi
360 1565 551 1633 generis
587 1562 810 1613 feminini
843 1561 1184 1611 immemorem
1218 1576 1420 1627 pergere
1448 1559 1587 1628 quasi
1615 1580 1660 1614 v
1692 1562 1878 1614 πλοῖον
1909 1583 1948 1615 s.
1975 1565 2177 1633 σκάφος
2204 1586 2319 1617 usus
2353 1582 2502 1651 esset,
2548 1570 2603 1619 cf

175 1663 303 1712 Plut.
334 1661 437 1709 Cat.
461 1659 579 1707 min.
609 1677 651 1708 c.
682 1664 764 1711 54.
799 1682 871 1694 —-
922 1657 1019 1715 την
1054 1651 1152 1701 τῶν
1188 1649 1313 1716 νεῶν
1347 1651 1657 1720 ἡγεμονίαν·
1709 1650 1849 1715 ησαν
1884 1652 1942 1706 δὲ
1976 1657 2331 1709 πεντακοσίων
2366 1660 2468 1724 μὲν
2502 1679 2611 1711 ome

175 1751 425 1810 ἐλάττους
468 1752 531 1801 αἱ
575 1747 834 1815 μάχιμοι,
879 1746 1177 1813 λιβυρνικὰ
1223 1742 1283 1793 δὲ
1323 1748 1419 1795 καὶ
1454 1749 1827 1797 κατασκοπικὰ
1863 1750 1963 1798 καὶ
1998 1747 2256 1817 ἄφρακτα
2291 1750 2605 1814 παμπληθῆ.

172 1841 357 1894 Actum
382 1858 576 1908 agerem
610 1839 754 1908 plura
785 1839 826 1889 si
852 1836 1102 1889 adderem.

313 1953 354 1983 c.
376 1944 456 1988 90.
488 1953 538 1998 p.
566 1929 694 1982 med.
728 1925 833 1994 εἶχε
866 1928 924 1982 δὲ
956 1930 1055 1979 καὶ
1086 1926 1122 1989 ἤ
1140 1926 1296 1995 χώρα
1325 1926 1492 1997 ὄφεων
1519 1921 1831 1993 πλῆθοςῖ-
1865 1929 1996 1982 haec
2017 1933 2108 1982 etsi
2137 1951 2214 1983 me
2235 1950 2334 1982 nou
2358 1933 2481 1999 fugit
2505 1932 2603 1981 ali-

171 2044 271 2093 quo
293 2022 444 2072 modo
466 2020 666 2071 defendi
687 2038 857 2087 posse,
893 2036 1057 2070 tamen
1079 2016 1247 2069 addita
1269 2032 1400 2078 sunt,
1435 2018 1572 2084 quasi
1593 2034 1842 2086 serpentes
1866 2040 2068 2089 quoque
2089 2023 2141 2072 in
2165 2023 2385 2083 virtutes,
2423 2023 2601 2088 quibus

167 2118 296 2168 hanc
317 2130 495 2167 terram
514 2114 728 2165 eminere
748 2110 900 2162 modo
922 2110 1122 2177 dixerat,
1150 2125 1440 2174 numeraret,
1459 2124 1512 2159 ut
1531 2110 1609 2161 vel
1630 2108 1724 2160 hac
1745 2109 1807 2162 de
1829 2133 1971 2162 causa
1994 2133 2095 2163 non
2117 2112 2338 2180 ineptum
2358 2113 2417 2162 sit
2440 2112 2606 2162 conii-r

170 2225 278 2258 cere
311 2200 413 2272 εἶχε
442 2202 502 2257 δὲ
531 2205 630 2256 καὶ
662 2199 744 2254 αὖ
752 2223 822 2266 τη
855 2202 889 2264 ἡ
905 2202 1059 2270 χώρα
1086 2216 1204 2267 οἱα,
1239 2220 1415 2270 nempe
1436 2202 1557 2254 haec
1580 2220 1780 2272 quoque
1801 2219 1954 2270 terra,
1990 2219 2045 2255 ut
2065 2208 2164 2271 illa,
2201 2207 2262 2256 de
2284 2224 2379 2274 qua
2400 2207 2601 2254 ineunte

170 2298 328 2366 capite
347 2295 558 2361 dixerat,
593 2308 879 2363 serpentum
909 2293 1049 2362 copia
1079 2292 1371 2345 abundabat.

305 2390 443 2441 XIX.
468 2401 552 2444 82.
600 2388 878 2438 Demetrius
902 2387 1155 2454 'proelium
1182 2386 1525 2437 commissurus
1559 2406 1675 2438 cum
1702 2387 1983 2440 Ptolemaeo
2020 2404 2068 2440 et
2104 2389 2310 2440 Seleuco
2341 2389 2599 2457 praecipua

166 2501 282 2533 cura
312 2484 472 2531 firmat
499 2499 654 2530 cornu
687 2480 961 2529 sinistrum:
1008 2499 1105 2546 qua
1128 2478 1188 2529 de
1212 2498 1263 2528 re
1282 2494 1547 2545 postquam
1562 2477 1813 2529 Diodorus
1833 2481 2059 2547 pluribus
2081 2481 2305 2548 exposuit
2325 2479 2594 2530 concludit:

163 2575 223 2624 τὸ
254 2572 356 2637 μὲν
385 2569 486 2623 οὖν
515 2569 794 2636 εὐώνυμον
821 2568 984 2639 κέρας
1011 2568 1152 2621 οὕτω
1184 2567 1591 2630 κατασκευάσας
1612 2569 1857 2621 διενοεῖτο
1889 2571 2055 2639 τούτῳ
2079 2578 2246 2621 κινεῖν
2275 2573 2370 2636 τήν
2386 2571 2591 2632 μάχηται

162 2681 288 2732 quae
311 2663 457 2714 verba
482 2663 730 2714 neminem
761 2660 1159 2714 animadvertisse
1192 2676 1418 2731 corrupta
1450 2679 1555 2713 esse
1585 2678 1634 2713 et
1663 2664 1764 2712 leni
1800 2681 1857 2713 ac
1896 2665 2029 2713 facili
2060 2662 2395 2712 emendatione
2429 2662 2613 2710 corri-.

161 2754 347 2821 genda,
383 2755 497 2805 satis
528 2754 694 2804 mirari
725 2772 825 2805 non
857 2773 1073 2822 possum.
1155 2752 1368 2805 Vertunt
1391 2768 1554 2804 autem
1568 2754 1673 2806 ‘hoc
1695 2753 1870 2804 modo:
1914 2756 1982 2805 ita
2005 2756 2255 2805 sinistrum
2272 2771 2425 2803 cornu
2444 2754 2592 2801 insti-

160 2861 320 2895 tuerat
352 2864 512 2912 eoque
540 2865 760 2912 pugnam
789 2848 1037 2913 inceptare
1066 2846 1119 2896 in
1148 2845 1311 2896 animo
1341 2844 1567 2896 habebat.
1657 2845 1811 2912 Atqui
1845 2851 2013 2898 κινεῖν
2044 2849 2138 2908 τήν
2166 2844 2345 2910 μάχην
2382 2857 2438 2893 ut
2467 2857 2590 2893 esset

158 2955 375 3006 pugnam
409 2939 656 3004 inceptare
691 2955 852 3002 neque
885 2937 1135 2987 Diodorus
1172 2939 1277 2986 ullo
1314 2937 1435 2986 dixit
1469 2937 1585 2988 loco
1620 2957 1713 2988 nec
1751 2953 1987 3004 quantum
2019 2936 2121 2986 scio
2148 2935 2405 3002 quisquam
2440 2934 2590 3000 alius,

161 3025 342 3078 deinde
376 3026 515 3094 quod
542 3028 731 3095 gravius
762 3040 835 3076 est
865 3026 1045 3076 diserta
1076 3028 1326 3095 scriptoris
1345 3028 1513 3092 verba,
1550 3046 1674 3097 quae
1700 3045 1816 3077 mox
1835 3041 2106 3094 sequuntur
2125 3024 2364 3079 indicant,
2400 3024 2589 3071 Deme-

160 3118 309 3169 trium
326 3137 428 3169 non
448 3119 694 3187 inceptare
713 3117 922 3171 voluisse
941 3119 1189 3187 proelium
1210 3118 1304 3172 hac
1327 3119 1539 3173 militum
1558 3133 1712 3187 parte,
1734 3117 1824 3170 sed
1844 3118 1916 3171 rei
1934 3134 2152 3170 summae
2177 3117 2332 3168 facere
2358 3132 2593 3169 momen-2
