2864 3680
1348 223 1414 268 10

169 367 251 404 tm·
267 353 562 405 sententiam
578 350 765 403 habent
781 351 1137 421 ineptissimam
1155 365 1203 402 et
1220 349 1355 404 hunc
1373 352 1426 403 in
1445 350 1655 402 modum
1679 352 2043 422 corrigendam:
2082 351 2394 423 ἐπέγραψαν
2430 355 2492 412 δδ
2522 362 2622 411 καὶ

168 449 279 504 τοῖς
309 449 370 497 ἐν
394 442 759 511 Θερμοπύλαις
790 443 1137 495 ἀποθανοῦσι
1164 442 1318 506 κοινῇ
1348 444 1450 509 μὲν
1482 439 1649 494 ἅπασι
1679 443 1824 497 τόδε·

685 555 941 622 μυριάσιν
975 556 1100 605 ποτὲ
1134 551 1253 619 τῇδε
1289 552 1589 614 διακοσίαις
1623 554 1889 622 ἐμάχοντο

763 649 827 696 ἐκ
861 643 1281 695 Πελοποννάσου
1307 641 1545 706 χιλιάδες
1571 642 1784 713 τέτορες.

170 755 281 823 ἰδίᾳ
309 752 372 810 δὲ
402 760 511 817 τοῖς
536 754 991 821 Λακεδαιμονίοις
1021 754 1138 807 τόδε
1168 769 1258 806 etc.
1305 754 1587 806 Herodotus
1619 755 1732 807 V11.
1765 768 1885 812 228.
1921 757 2190 826 θαφθεῖσι
2218 754 2278 826 δέ
2314 773 2406 826 σφι
2446 750 2622 809 ἀὐτοῦ

170 843 341 911 ταύτῃ
375 846 529 914 τῇπερ
565 842 749 898 ἔπεσον
791 847 892 896 καὶ
927 850 1063 896 τοῖσι
1108 843 1358 913 πρότερον
1391 825 1723 909 τελευτήσασι
1759 832 1807 911 ’ἢ
1852 847 1979 908 τούς
2026 845 2144 900 ὑπὸ
2172 838 2444 901 Λεωνίδεω
2471 826 2621 898 Ια’ἐπο·

167 923 514 1004 πεμφθέντας
543 936 790 1003 οἱζχεσθαι
818 932 1186 1002 ἐπιγέγραπται
1218 932 1513 1002 γράμματα
1538 923 1762 1001 λέγοντα
1782 935 1909 989 τάδε

685 1045 946 1113 μυριάσιν
983 1048 1113 1097 ποτὲ
1147 1045 1264 1111 τῇδε
1299 1047 1615 1113 τριηκοσίαις
1645 1047 1914 1114 ἐμάχοντο

754 1140 818 1188 ἐκ
853 1137 1264 1202 Πελοποννήσου
1290 1137 1528 1203 χιλιάδες
1561 1135 1776 1207 τέτορες.

166 1247 344 1298 ταῦτα
368 1249 472 1310 μὲν
503 1244 573 1306 δή
603 1255 739 1299 τοῖσι
768 1250 899 1299 πᾶσι
925 1245 1323 1313 ἐπιγέγραπται,
1368 1255 1497 1298 τοῖσι
1529 1247 1589 1299 δὲ
1616 1248 1971 1314 Σπαρτιήτῃσι
2004 1247 2134 1311 ἰδίῃ,

608 1377 610 1379 ·
681 1361 722 1409 ὦ
758 1361 885 1420 ξεῖν’
908 1359 1183 1424 ἀγγέλλειν
1216 1359 1664 1425 Λακεδαιμονίοις
1698 1359 1778 1410 ὅτι
1809 1361 1928 1424 τῇδε

751 1448 984 1514 κείμεθα
1020 1453 1128 1509 τοῖς
1161 1447 1348 1501 κείνων
1381 1448 1575 1518 ῥήμασι
1613 1447 1936 1514 πειθόμενοι.

163 1559 653 1626 Λακεδαιμονίοισι
684 1563 788 1627 μὲν
824 1561 892 1622 δή
924 1563 1099 1610 τοῦτο.
1112 1571 1140 1592 “

306 1707 457 1757 Recte
492 1707 614 1757 haec
650 1723 796 1775 atque
835 1722 975 1756 acute
1012 1724 1125 1757 sunt
1163 1706 1428 1776 disputata,
1468 1708 1532 1756 ita
1566 1722 1620 1757 ut
1657 1705 1720 1756 de
1754 1706 1876 1758 vitio
1913 1707 2012 1756 loci
2048 1725 2150 1757 non
2182 1707 2327 1758 liceat
2360 1705 2608 1757 dubitare:

162 1797 529 1870 illud-'qnoque
559 1798 938 1851 concedendum
963 1816 1061 1864 est,
1099 1817 1228 1851 recte
1256 1799 1320 1851 de
1350 1800 1584 1849 sententia
1605 1800 1885 1852 locivirum
1905 1797 2109 1850 doctum
2126 1799 2464 1868 praecepisse,
2501 1818 2612 1848 ma-

162 1891 235 1960 gis
280 1908 453 1943 vereor
491 1910 554 1942 ne
597 1906 697 1941 tam
737 1892 950 1943 violenta
983 1892 1225 1943 medicina
1263 1891 1482 1942 adhiberi
1513 1910 1615 1942 non
1646 1892 1828 1960 possit,
1875 1892 2161 1960 praesertim
2197 1909 2313 1940 cum
2342 1891 2436 1939 alia
2468 1890 2609 1953 ratio,

160 1984 321 2045 multo
352 1984 438 2033 illa
467 1984 625 2032 lenior
656 1997 805 2050 atque
830 1985 1021 2034 facilior
1052 1986 1104 2034 in
1137 1999 1368 2052 promptu
1400 2002 1501 2033 esse
1529 1983 1781 2044 videatur,
1826 2002 1921 2050 qua
1950 1985 2063 2033 loco
2093 1996 2394 2032 succuratur.
2477 1981 2609 2030 Pos-

162 2089 279 2123 sunt
301 2075 429 2124 enim
456 2076 646 2123 minore
679 2093 734 2123 ac
762 2077 1079 2142 paenenulla
1102 2076 1400 2126 correctione
1433 2075 1554 2124 haec
1585 2075 1652 2124 ita
1678 2075 1895 2126 restitui:
1941 2070 2252 2139 ἐπέγραψαν
2282 2071 2342 2124 δὲ
2372 2074 2469 2122 καὶ
2502 2077 2610 2129 τοῖς

160 2168 220 2216 ἐν
260 2163 630 2231 Θερμοπύλαις
665 2164 1004 2216 ἀποθανοῦσι
1039 2164 1478 2231 Λακεδαιμόνιοι
1514 2166 1672 2230 κοινῇ
1709 2157 2014 2228 μὲνᾶπασι
2043 2160 2188 2213 τόδε·

672 2277 932 2342 μυριάσιν
966 2274 1091 2328 ποτὲ
1126 2276 1247 2347 τῇδε
1281 2273 1577 2334 διακοσίαις
1611 2274 1879 2340 ἐμάχοντο

743 2370 805 2415 ἐκ
841 2367 1254 2418 Πελοποννάσου
1278 2365 1519 2432 χιλιάδες
1552 2362 1763 2430 τέτορες.

158 2476 275 2541 ἰδίᾳ
310 2474 371 2527 δὲ
407 2476 607 2535 αὐτοῖς
640 2476 754 2528 τόδε
785 2491 876 2527 etc.
915 2492 970 2526 ut
1008 2478 1134 2527 nihil
1164 2479 1376 2545 amplius-
1408 2490 1625 2526 mutetur
1661 2486 1807 2544 'quarn
1837 2473 2294 2541 Λακεδαιμονίοις
2332 2474 2382 2522 in
2419 2476 2605 2527 Λακε-

158 2564 455 2631 δαιμόνιοι
492 2582 539 2615 et
575 2566 756 2626 αὐτοῖς
792 2583 1012 2617 correcto
1049 2569 1227 2635 spiritu
1262 2570 1311 2618 in
1349 2566 1541 2625 αὐτοῖς.

297 2732 340 2761 c.
364 2722 430 2766 36
460 2711 589 2762 med.
639 2713 694 2761 οἱ
720 2713 821 2774 μὲν
846 2716 961 2780 περὶ
989 2717 1081 2764 τὸν
1102 2711 1431 2779 Λεωτυχίδην
1452 2714 1548 2762 καὶ
1572 2710 1887 2764 Ξάνθιππον
1912 2707 2231 2774 ἐπικείμενοι
2251 2712 2359 2766 τοῖς
2380 2705 2603 2770 ἡττημέ-

156 2823 268 2863 νοις
299 2804 629 2862 κατεδίωξαν
656 2808 781 2862 τούς
809 2805 1155 2870 βαρβάρουςῑ
1193 2807 1260 2853 sic
1290 2825 1346 2855 ex
1368 2803 1560 2852 duobus
1583 2802 1730 2852 codd.
1753 2818 1800 2852 et
1821 2801 2059 2868 Stephani
2080 2800 2296 2867 margine
2322 2813 2434 2864 post
2456 2798 2602 2847 Rho-

154 2893 459 2945 domannum
494 2894 759 2944 ediderunt
787 2896 1090 2962 interpretes.
1163 2896 1324 2965 Vulgo
1357 2897 1604 2962 legebatur
1633 2890 1976 2958 ἡττωμένοις,
2015 2889 2153 2958 quod
2178 2890 2269 2938 etsi
2293 2889 2375 2937 hic
2400 2888 2599 2956 quidem

152 3005 254 3038 non
276 2987 481 3046 tuebor,
528 3006 641 3037 cum
665 2987 872 3037 alterum
894 2987 1136 3036 librorum
1160 2986 1527 3039 commendetur
1548 2986 1859 3048 auctoritate,
1898 2997 2007 3033 utar
2029 2996 2189 3032 tamen
2213 2979 2305 3031 hnc
2328 2982 2597 3042 occasione,

152 3093 210 3128 ut
231 3076 293 3128 de
315 3097 410 3128 usu
436 3077 655 3145 quodam
676 3078 826 3128 huius
847 3079 983 3128 verbi
1007 3097 1260 3141 moneam,
1296 3080 1382 3148 qui
1411 3096 1510 3128 non
1545 3077 1659 3128 satis
1690 3076 1919 3143 cognitus
1951 3071 2146 3127 videtur
2171 3071 2432 3140 plerisque.
2500 3069 2600 3120 Ni-

148 3170 329 3223 mirum
358 3171 588 3238 proprius
608 3190 662 3221 ac
681 3170 940 3237 singularis
964 3171 1098 3223 verbi
1120 3168 1381 3231 ἡττᾶσθαι
1403 3189 1519 3220 usus
1541 3185 1613 3221 est
1634 3169 1674 3219 is
1688 3207 1702 3232 ‚
1744 3185 1846 3235 quo
1873 3183 1976 3216 non
1993 3164 2166 3215 -solum'
2189 3161 2316 3215 vinci
2342 3160 2598 3230 significat,
